@article{janabi2011comparison,
  title={Comparison of basic visual servoing methods},
  author={Janabi-Sharifi, Farrokh and Deng, Lingfeng and Wilson, William J},
  journal={IEEE/ASME Transactions on Mechatronics},
  volume={16},
  number={5},
  pages={967--983},
  year={2011},
  publisher={IEEE}
}


@inproceedings{malis2003robustness,
  title={Robustness of image-based visual servoing with respect to depth distribution errors},
  author={Malis, Ezio and Rives, Patrick},
  booktitle={Robotics and Automation, 2003. Proceedings. ICRA'03. IEEE International Conference on},
  volume={1},
  pages={1056--1061},
  year={2003},
  organization={IEEE}
}


@article{malis19992,
  title={2 1/2 D visual servoing},
  author={Malis, Ezio and Chaumette, Francois and Boudet, Sylvie},
  journal={IEEE Transactions on Robotics and Automation},
  volume={15},
  number={2},
  pages={238--250},
  year={1999},
  publisher={IEEE}
}


@article{dong2015position,
  title={Position-based visual servo control of autonomous robotic manipulators},
  author={Dong, Gangqi and Zhu, ZH},
  journal={Acta Astronautica},
  volume={115},
  pages={291--302},
  year={2015},
  publisher={Elsevier}
}


@inproceedings{smith1996vision,
  title={Vision-guided robotic grasping: Issues and experiments},
  author={Smith, Christopher E and Papanikolopoulos, Nikolaos P},
  booktitle={Robotics and Automation, 1996. Proceedings., 1996 IEEE International Conference on},
  volume={4},
  pages={3203--3208},
  year={1996},
  organization={IEEE}
}


@inproceedings{tongloy2016image,
  title={An image-based visual servo control system based on an eye-in-hand monocular camera for autonomous robotic grasping},
  author={Tongloy, Teerawat and Boonsang, Siridech},
  booktitle={Instrumentation, Control and Automation (ICA), 2016 International Conference on},
  pages={132--136},
  year={2016},
  organization={IEEE}
}


@article{wang2014modified,
  title={A modified image-based visual servo controller with hybrid camera configuration for robust robotic grasping},
  author={Wang, Ying and Zhang, Guan-lu and Lang, Haoxiang and Zuo, Bashan and De Silva, Clarence W},
  journal={Robotics and Autonomous Systems},
  volume={62},
  number={10},
  pages={1398--1407},
  year={2014},
  publisher={Elsevier}
}

@inproceedings{luo2014hybrid,
  title={Hybrid Eye-to-hand and Eye-in-hand visual servo system for parallel robot conveyor object tracking and fetching},
  author={Luo, Ren C and Chou, Shih-Che and Yang, Xin-Yi and Peng, Norman},
  booktitle={Industrial Electronics Society, IECON 2014-40th Annual Conference of the IEEE},
  pages={2558--2563},
  year={2014},
  organization={IEEE}
}


@article{zhong2015robots,
  title={Robots visual servo control with features constraint employing Kalman-neural-network filtering scheme},
  author={Zhong, Xungao and Zhong, Xunyu and Peng, Xiafu},
  journal={Neurocomputing},
  volume={151},
  pages={268--277},
  year={2015},
  publisher={Elsevier}
}


@article{kosmopoulos2011robust,
  title={Robust Jacobian matrix estimation for image-based visual servoing},
  author={Kosmopoulos, DI},
  journal={Robotics and Computer-Integrated Manufacturing},
  volume={27},
  number={1},
  pages={82--87},
  year={2011},
  publisher={Elsevier}
}


@article{nuchter2008towards,
  title={Towards semantic maps for mobile robots},
  author={N{\"u}chter, Andreas and Hertzberg, Joachim},
  journal={Robotics and Autonomous Systems},
  volume={56},
  number={11},
  pages={915--926},
  year={2008},
  publisher={Elsevier}
}


@article{lee2008toward,
  title={Toward human-like real-time manipulation: From perception to motion planning},
  author={Lee, Sukhan and Moradi, Hadi and Jang, Daesik and Jang, Hanyoung and Kim, Eunyoung and Le, Phuoc Minh and Seo, JeongHyun and Han, JungHyun},
  journal={Advanced Robotics},
  volume={22},
  number={9},
  pages={983--1005},
  year={2008},
  publisher={Taylor \& Francis}
}


@inproceedings{yamazaki2006grasp,
  title={A grasp planning for picking up an unknown object for a mobile manipulator},
  author={Yamazaki, Kimitoshi and Tomono, Masahiro and Tsubouchi, Takashi and Yuta, S-i},
  booktitle={Robotics and Automation, 2006. ICRA 2006. Proceedings 2006 IEEE International Conference on},
  pages={2143--2149},
  year={2006},
  organization={IEEE}
}


@inproceedings{ohno2011unknown,
  title={Unknown object modeling on the basis of vision and pushing manipulation},
  author={Ohno, Kazunori and Kensuke, Kurose and Takeuchi, Eijiro and Zhong, Lei and Tsubota, Masanobu and Tadokoro, Satoshi},
  booktitle={Robotics and Biomimetics (ROBIO), 2011 IEEE International Conference on},
  pages={1942--1948},
  year={2011},
  organization={IEEE}
}


@inproceedings{li2013integrating,
  title={Integrating vision, haptics and proprioception into a feedback controller for in-hand manipulation of unknown objects},
  author={Li, Qiang and Elbrechter, Christof and Haschke, Robert and Ritter, Helge},
  booktitle={Intelligent Robots and Systems (IROS), 2013 IEEE/RSJ International Conference on},
  pages={2466--2471},
  year={2013},
  organization={IEEE}
}


@inproceedings{bimbo2013combining,
  title={Combining touch and vision for the estimation of an object's pose during manipulation},
  author={Bimbo, Joao and Seneviratne, Lakmal D and Althoefer, Kaspar and Liu, Hongbin},
  booktitle={Intelligent Robots and Systems (IROS), 2013 IEEE/RSJ International Conference on},
  pages={4021--4026},
  year={2013},
  organization={IEEE}
}


@inproceedings{prats2009vision,
  title={Vision-tactile-force integration and robot physical interaction},
  author={Prats, Mario and Sanz, Pedro J and Del Pobil, Angel P},
  booktitle={Robotics and Automation, 2009. ICRA'09. IEEE International Conference on},
  pages={3975--3980},
  year={2009},
  organization={IEEE}
}


@inproceedings{hebert2011fusion,
  title={Fusion of stereo vision, force-torque, and joint sensors for estimation of in-hand object location},
  author={Hebert, Paul and Hudson, Nicolas and Ma, Jeremy and Burdick, Joel},
  booktitle={Robotics and Automation (ICRA), 2011 IEEE International Conference on},
  pages={5935--5941},
  year={2011},
  organization={IEEE}
}


@inproceedings{pham2015towards,
  title={Towards force sensing from vision: Observing hand-object interactions to infer manipulation forces},
  author={Pham, Tu-Hoa and Kheddar, Abderrahmane and Qammaz, Ammar and Argyros, Antonis A},
  booktitle={Proceedings of the IEEE Conference on Computer Vision and Pattern Recognition},
  pages={2810--2819},
  year={2015}
}



@inproceedings{bauml2011catching,
  title={Catching flying balls with a mobile humanoid: System overview and design considerations},
  author={B{\"a}uml, Berthold and Birbach, Oliver and Wimb{\"o}ck, Thomas and Frese, Udo and Dietrich, Alexander and Hirzinger, Gerd},
  booktitle={Humanoid Robots (Humanoids), 2011 11th IEEE-RAS International Conference on},
  pages={513--520},
  year={2011},
  organization={IEEE}
}


@article{kim2014catching,
  title={Catching objects in flight},
  author={Kim, Seungsu and Shukla, Ashwini and Billard, Aude},
  journal={IEEE Transactions on Robotics},
  volume={30},
  number={5},
  pages={1049--1065},
  year={2014},
  publisher={IEEE}
}


@article{salehian2016dynamical,
  title={A dynamical system approach for softly catching a flying object: Theory and experiment},
  author={Salehian, Seyed Sina Mirrazavi and Khoramshahi, Mahdi and Billard, Aude},
  journal={IEEE Transactions on Robotics},
  volume={32},
  number={2},
  pages={462--471},
  year={2016},
  publisher={IEEE}
}


@inproceedings{shimada2016high,
  title={High-speed 3-D measurement of a moving object with visual servo},
  author={Shimada, Keitaro and Namiki, Akio and Ishii, Idaku},
  booktitle={System Integration (SII), 2016 IEEE/SICE International Symposium on},
  pages={248--253},
  year={2016},
  organization={IEEE}
}


@article{wang2015adaptive,
  title={Adaptive visual tracking for robotic systems without image-space velocity measurement},
  author={Wang, Hanlei},
  journal={Automatica},
  volume={55},
  pages={294--301},
  year={2015},
  publisher={Elsevier}
}


@inproceedings{salzmann2007deformable,
  title={Deformable surface tracking ambiguities},
  author={Salzmann, Mathieu and Lepetit, Vincent and Fua, Pascal},
  booktitle={Computer Vision and Pattern Recognition, 2007. CVPR'07. IEEE Conference on},
  pages={1--8},
  year={2007},
  organization={IEEE}
}


@inproceedings{schulman2013tracking,
  title={Tracking deformable objects with point clouds},
  author={Schulman, John and Lee, Alex and Ho, Jonathan and Abbeel, Pieter},
  booktitle={Robotics and Automation (ICRA), 2013 IEEE International Conference on},
  pages={1130--1137},
  year={2013},
  organization={IEEE}
}


@inproceedings{elbrechter2011bi,
  title={Bi-manual robotic paper manipulation based on real-time marker tracking and physical modelling},
  author={Elbrechter, Christof and Haschke, Robert and Ritter, Helge},
  booktitle={Intelligent Robots and Systems (IROS), 2011 IEEE/RSJ International Conference on},
  pages={1427--1432},
  year={2011},
  organization={IEEE}
}


@article{bodenhagen2014adaptable,
  title={An adaptable robot vision system performing manipulation actions with flexible objects},
  author={Bodenhagen, Leon and Fugl, Andreas R and Jordt, Andreas and Willatzen, Morten and Andersen, Knud A and Olsen, Martin M and Koch, Reinhard and Petersen, Henrik G and Kr{\"u}ger, Norbert},
  journal={IEEE transactions on automation science and engineering},
  volume={11},
  number={3},
  pages={749--765},
  year={2014},
  publisher={IEEE}
}


@inproceedings{yamakawa2013dynamic,
  title={Dynamic manipulation of a thin circular flexible object using a high-speed multifingered hand and high-speed vision},
  author={Yamakawa, Yuji and Nakano, Shisei and Senoo, Taku and Ishikawa, Masatoshi},
  booktitle={Robotics and Biomimetics (ROBIO), 2013 IEEE International Conference on},
  pages={1851--1857},
  year={2013},
  organization={IEEE}
}


@inproceedings{kizaki2012two,
  title={Two ball juggling with high-speed hand-arm and high-speed vision system},
  author={Kizaki, Takahiro and Namiki, Akio},
  booktitle={Robotics and Automation (ICRA), 2012 IEEE International Conference on},
  pages={1372--1377},
  year={2012},
  organization={IEEE}
}


@inproceedings{namiki2014ball,
  title={Ball catching in kendama game by estimating grasp conditions based on a high-speed vision system and tactile sensors},
  author={Namiki, Akio and Itoi, Naoki},
  booktitle={Humanoid Robots (Humanoids), 2014 14th IEEE-RAS International Conference on},
  pages={634--639},
  year={2014},
  organization={IEEE}
}


@article{lippiello2013visual,
  title={Visual grasp planning for unknown objects using a multifingered robotic hand},
  author={Lippiello, Vincenzo and Ruggiero, Fabio and Siciliano, Bruno and Villani, Luigi},
  journal={IEEE/ASME Transactions on Mechatronics},
  volume={18},
  number={3},
  pages={1050--1059},
  year={2013},
  publisher={IEEE}
}


@inproceedings{calli2016vision,
  title={Vision-based precision manipulation with underactuated hands: Simple and effective solutions for dexterity},
  author={Calli, Berk and Dollar, Aaron M},
  booktitle={Intelligent Robots and Systems (IROS), 2016 IEEE/RSJ International Conference on},
  pages={1012--1018},
  year={2016},
  organization={IEEE}
}


@inproceedings{claudio2016vision,
  title={Vision-based manipulation with the humanoid robot Romeo},
  author={Claudio, Giovanni and Spindler, Fabien and Chaumette, Fran{\c{c}}ois},
  booktitle={Humanoid Robots (Humanoids), 2016 IEEE-RAS 16th International Conference on},
  pages={286--293},
  year={2016},
  organization={IEEE}
}


@inproceedings{agravante2013visual,
  title={Visual servoing for the REEM humanoid robot's upper body},
  author={Agravante, Don Joven and Pages, Jordi and Chaumette, Fran{\c{c}}ois},
  booktitle={Robotics and Automation (ICRA), 2013 IEEE International Conference on},
  pages={5253--5258},
  year={2013},
  organization={IEEE}
}


@inproceedings{tan2015integrated,
  title={An integrated vision-based robotic manipulation system for sorting surgical tools},
  author={Tan, Huan and Xu, Yi and Mao, Ying and Tong, Xianqiao and Griffin, Weston B and Kannan, Balajee and DeRose, Lynn A},
  booktitle={Technologies for Practical Robot Applications (TePRA), 2015 IEEE International Conference on},
  pages={1--6},
  year={2015},
  organization={IEEE}
}


@inproceedings{troniak2013charlie,
  title={Charlie Rides the Elevator--Integrating Vision, Navigation and Manipulation towards Multi-floor Robot Locomotion},
  author={Troniak, Daniel and Sattar, Junaed and Gupta, Ankur and Little, James J and Chan, Wesley and Calisgan, Ergun and Croft, Elizabeth and Van der Loos, Machiel},
  booktitle={Computer and Robot Vision (CRV), 2013 International Conference on},
  pages={1--8},
  year={2013},
  organization={IEEE}
}


@inproceedings{quintero2015vibi,
  title={Vibi: Assistive vision-based interface for robot manipulation},
  author={Quintero, Camilo Perez and Ramirez, Oscar and J{\"a}gersand, Martin},
  booktitle={Robotics and Automation (ICRA), 2015 IEEE International Conference on},
  pages={4458--4463},
  year={2015},
  organization={IEEE}
}


@inproceedings{huang2016underwater,
  title={Underwater vehicle visual servo and target grasp control},
  author={Huang, Hai and Zhou, Hao and Sheng, Ming-wei and others},
  booktitle={Robotics and Biomimetics (ROBIO), 2016 IEEE International Conference on},
  pages={1619--1624},
  year={2016},
  organization={IEEE}
}


@inproceedings{michaels2015vision,
  title={Vision-based high-speed manipulation for robotic ultra-precise weed control},
  author={Michaels, Andreas and Haug, Sebastian and Albert, Amos},
  booktitle={Intelligent Robots and Systems (IROS), 2015 IEEE/RSJ International Conference on},
  pages={5498--5505},
  year={2015},
  organization={IEEE}
}


@article{shi2017vision,
  title={A Vision-based Automated Manipulation System for the Pick-up of Carbon Nanotubes},
  author={Shi, Qing and Yang, Zhan and Guo, Yana and Wang, Huaping and Sun, Lining and Huang, Qiang and Fukuda, Toshio},
  journal={IEEE/ASME Transactions on Mechatronics},
  year={2017},
  publisher={IEEE}
}


@article{santamaria2017uncalibrated,
  title={Uncalibrated Visual Servo for Unmanned Aerial Manipulation},
  author={Santamaria-Navarro, Angel and Grosch, Patrick and Lippiello, Vincenzo and Sola, Joan and Andrade-Cetto, Juan},
  journal={IEEE/ASME Transactions on Mechatronics},
  year={2017},
  publisher={IEEE}
}


@article{lippiello2016hybrid,
  title={Hybrid visual servoing with hierarchical task composition for aerial manipulation},
  author={Lippiello, Vincenzo and Cacace, Jonathan and Santamaria-Navarro, Angel and Andrade-Cetto, Juan and Trujillo, Miguel {\'A}ngel and Esteves, Yamnia Rodr{\'\i}guez and Viguria, Antidio},
  journal={IEEE Robotics and Automation Letters},
  volume={1},
  number={1},
  pages={259--266},
  year={2016},
  publisher={IEEE}
}


@inproceedings{suphachart2016vision,
  title={Vision based autonomous orientational control for aerial manipulation via on-board FPGA},
  author={Suphachart, Leewiwatwong and Shimahara, Shouhei and Ladig, Robert and Shimonomura, Kazuhiro},
  booktitle={Proceedings of the IEEE Conference on Computer Vision and Pattern Recognition Workshops},
  pages={36--42},
  year={2016}
}


@inproceedings{selvaggio2016vision,
  title={Vision based virtual fixture generation for teleoperated robotic manipulation},
  author={Selvaggio, Mario and Chen, Fei and Gao, Boyang and Notomista, Gennaro and Trapani, Francesco and Caldwell, Darwin},
  booktitle={Advanced Robotics and Mechatronics (ICARM), International Conference on},
  pages={190--195},
  year={2016},
  organization={IEEE}
}


@inproceedings{chenf2016framework,
  title={A framework of teleoperated and stereo vision guided mobile manipulation for industrial automation},
  author={Chenf, Fei and Gao, Boyang and Selvaggio, Mario and Li, Zhijun and Caldwell, Darwin and Kershaw, Keith and Masi, Alessandro and Di Castro, Mario and Losito, Roberto},
  booktitle={Mechatronics and Automation (ICMA), 2016 IEEE International Conference on},
  pages={1641--1648},
  year={2016},
  organization={IEEE}
}


@inproceedings{wang2016image,
  title={Image based adaptive coordinated control for cooperative manipulators},
  author={Wang, Yong and Liu, Zhi and Zhang, Yun},
  booktitle={Control and Decision Conference (CCDC), 2016 Chinese},
  pages={5383--5388},
  year={2016},
  organization={IEEE}
}

@inproceedings{das2016learning,
  title={Learning object manipulation from demonstration through vision for the 7-DOF barrett WAM},
  author={Das, Niladri and Prakash, Ravi and Behera, Laxmidhar},
  booktitle={Control, Measurement and Instrumentation (CMI), 2016 IEEE First International Conference on},
  pages={391--396},
  year={2016},
  organization={IEEE}
}
